@book{meilleuressoupes,
      title     = "Les Meilleures Soupes",
      author    = "Combier, Nathalie",
      year      = 2009,
      publisher = "édition Minerva",
      address   = "Paris"
    }

@book{pellaprat,
      title     = "L’Art Culinaire Moderne",
      author    = "Pellaprat, Henri-Paul",
      year      = 1952,
      publisher = "XX",
      address   = "XX"
    }
